@article{Castellanos14,
    title = {{La importancia de publicar los resultados de Investigación}},
    journal = {{Revista Facultad de Ingeniería}},
    author={{Cáceres, Gustavo}},
    issn = {0121-1129},
    language = {{Spanish}},
    url = {{https://cutt.ly/FiGbROV}},
    volume = {23},
    year = {2014},
    month = {07},
    pages = {7-8},
    publisher = {scieloco},
}

@article{Becerra15,
    author = {{Becerra, Hugo and Cabrera, Juan}},
    year = {2015},
    month = {03},
    pages = {3},
    title = {Producción científica},
    volume = {20},
    journal = {Scientia et technica},
    doi = {10.22517/23447214.10011},
	language = {{Spanish}}
}